<?xml version="1.0" encoding="UTF-8"?><collection xmlns="http://www.loc.gov/MARC21/slim"><record><leader>00360nam--2200133-i-4500</leader><controlfield tag="001">000047440</controlfield><controlfield tag="002">20161230</controlfield><controlfield tag="005">20161230201046</controlfield><controlfield tag="008">060222s1000------------r-----000-0-eng-d</controlfield><datafield ind1=" " ind2=" " tag="080"><subfield code="a">530.145.6:51-73</subfield></datafield><datafield ind1=" " ind2=" " tag="100"><subfield code="a">Weyl, Hermann</subfield></datafield><datafield ind1=" " ind2=" " tag="245"><subfield code="a">The theory of groups and quantum mechanics</subfield></datafield><datafield ind1=" " ind2=" " tag="260"><subfield code="a">New York, Dover Publications, Inc., 1928, Xi + 437p</subfield></datafield><datafield ind1=" " ind2=" " tag="852"><subfield code="a">12930</subfield></datafield></record></collection>